<?xml version="1.0" encoding="UTF-8"?>
<record>
  <leader>01848cam a2200481 c 4500</leader>
  <controlfield tag="003">DE-605</controlfield>
  <controlfield tag="005">20250731092802.0</controlfield>
  <controlfield tag="007">tu</controlfield>
  <controlfield tag="008">240716s1798    gw |||||      00| | ger c</controlfield>
  <controlfield tag="001">99374228363406441</controlfield>
  <datafield tag="016" ind1="7" ind2=" ">
    <subfield code="a">250874042</subfield>
    <subfield code="2">(OCoLC)</subfield>
  </datafield>
  <datafield tag="024" ind1="7" ind2=" ">
    <subfield code="a">VD18 11794062</subfield>
    <subfield code="2">vd18</subfield>
  </datafield>
  <datafield tag="026" ind1=" " ind2=" ">
    <subfield code="e">gte. zui- a-af de16 3 1798A</subfield>
    <subfield code="2">fei</subfield>
    <subfield code="5">DE-1</subfield>
  </datafield>
  <datafield tag="035" ind1=" " ind2=" ">
    <subfield code="a">(DE-605)HT030791686</subfield>
  </datafield>
  <datafield tag="040" ind1=" " ind2=" ">
    <subfield code="a">DE-6</subfield>
    <subfield code="b">ger</subfield>
    <subfield code="c">DE-6</subfield>
    <subfield code="d">DE-6</subfield>
    <subfield code="e">rda</subfield>
  </datafield>
  <datafield tag="041" ind1=" " ind2=" ">
    <subfield code="a">ger</subfield>
  </datafield>
  <datafield tag="044" ind1=" " ind2=" ">
    <subfield code="c">XA-DXDE</subfield>
  </datafield>
  <datafield tag="084" ind1=" " ind2=" ">
    <subfield code="a">89.80</subfield>
    <subfield code="2">bkl</subfield>
  </datafield>
  <datafield tag="084" ind1=" " ind2=" ">
    <subfield code="a">89.81</subfield>
    <subfield code="2">bkl</subfield>
  </datafield>
  <datafield tag="084" ind1=" " ind2=" ">
    <subfield code="a">15.52</subfield>
    <subfield code="2">bkl</subfield>
  </datafield>
  <datafield tag="100" ind1="1" ind2=" ">
    <subfield code="a">Strieder, Friedrich Wilhelm</subfield>
    <subfield code="d">1739-1815</subfield>
    <subfield code="0">(DE-588)117318701</subfield>
    <subfield code="4">aut</subfield>
    <subfield code="0">https://d-nb.info/gnd/117318701</subfield>
    <subfield code="0">http://viaf.org/viaf/8162438</subfield>
    <subfield code="B">GND-117318701</subfield>
  </datafield>
  <datafield tag="245" ind1="1" ind2="0">
    <subfield code="a">Grundlage zur Militär-Geschichte des Landgräflich Hessischen Corps</subfield>
    <subfield code="c">[Friedrich Wilhelm Strieder]</subfield>
  </datafield>
  <datafield tag="264" ind1=" " ind2="1">
    <subfield code="a">Cassel</subfield>
    <subfield code="c">1798</subfield>
  </datafield>
  <datafield tag="300" ind1=" " ind2=" ">
    <subfield code="a">401 Seiten, 10 ungezählte Blätter</subfield>
    <subfield code="c">8°</subfield>
  </datafield>
  <datafield tag="336" ind1=" " ind2=" ">
    <subfield code="b">txt</subfield>
  </datafield>
  <datafield tag="337" ind1=" " ind2=" ">
    <subfield code="b">n</subfield>
  </datafield>
  <datafield tag="338" ind1=" " ind2=" ">
    <subfield code="b">nc</subfield>
  </datafield>
  <datafield tag="361" ind1="1" ind2=" ">
    <subfield code="5">DE-1</subfield>
    <subfield code="y">441307841</subfield>
    <subfield code="s">Sk 5130</subfield>
    <subfield code="o">Vorbesitz</subfield>
    <subfield code="a">Friedrich Wilhelm III., Preußen, König</subfield>
    <subfield code="0">(DE-588)118535986</subfield>
    <subfield code="0">(DE-627)134689437</subfield>
    <subfield code="0">(DE-576)161017223</subfield>
    <subfield code="f">Etikett</subfield>
    <subfield code="z">Ex bibliotheca Augustissimi Regis Friderici Wilhelmi III.</subfield>
  </datafield>
  <datafield tag="689" ind1="0" ind2="0">
    <subfield code="a">Militär</subfield>
    <subfield code="D">s</subfield>
    <subfield code="0">(DE-588)4039305-7</subfield>
    <subfield code="B">GND-040393054</subfield>
  </datafield>
  <datafield tag="689" ind1="0" ind2="1">
    <subfield code="a">Hessen-Kassel</subfield>
    <subfield code="D">g</subfield>
    <subfield code="0">(DE-588)4072472-4</subfield>
    <subfield code="B">GND-040724727</subfield>
  </datafield>
  <datafield tag="689" ind1="0" ind2="2">
    <subfield code="a">Hessen</subfield>
    <subfield code="D">g</subfield>
    <subfield code="0">(DE-588)4024729-6</subfield>
    <subfield code="B">GND-040247295</subfield>
  </datafield>
  <datafield tag="689" ind1="0" ind2="3">
    <subfield code="a">Deutschland</subfield>
    <subfield code="D">g</subfield>
    <subfield code="0">(DE-588)4011882-4</subfield>
    <subfield code="B">GND-040118827</subfield>
  </datafield>
  <datafield tag="689" ind1="0" ind2=" ">
    <subfield code="5">(DE-627)</subfield>
  </datafield>
  <datafield tag="889" ind1=" " ind2=" ">
    <subfield code="w">(DE-627)428487580</subfield>
  </datafield>
  <datafield tag="035" ind1=" " ind2=" ">
    <subfield code="a">(DE-627)40368322X</subfield>
  </datafield>
  <datafield tag="035" ind1=" " ind2=" ">
    <subfield code="a">(DE-599)GBV40368322X</subfield>
  </datafield>
  <datafield tag="035" ind1=" " ind2=" ">
    <subfield code="a">(OCoLC)250874042</subfield>
  </datafield>
  <datafield tag="912" ind1=" " ind2=" ">
    <subfield code="a">vd18</subfield>
  </datafield>
  <datafield tag="751" ind1=" " ind2=" ">
    <subfield code="a">Kassel</subfield>
    <subfield code="4">pup</subfield>
  </datafield>
  <datafield tag="776" ind1="0" ind2="8">
    <subfield code="i">Digitalisierte Ausg.</subfield>
    <subfield code="a">Strieder, Friedrich Wilhelm, 1739 - 1815</subfield>
    <subfield code="t">Grundlage zur Militär-Geschichte des Landgräflich Hessischen Corps</subfield>
    <subfield code="d">Cassel, 1798</subfield>
    <subfield code="h">401 S., [10] Bl.</subfield>
  </datafield>
  <datafield tag="500" ind1=" " ind2=" ">
    <subfield code="a">Verf. ermittelt in Holzmann &amp; Bohatta</subfield>
  </datafield>
  <datafield tag="500" ind1=" " ind2=" ">
    <subfield code="a">Vorlageform des Erscheinungsvermerks: Cassel, 1798.</subfield>
  </datafield>
  <datafield tag="510" ind1="3" ind2=" ">
    <subfield code="a">Holzmann &amp; Bohatta. Deutsches Anonymenlexikon, Bd. 2, 8061</subfield>
  </datafield>
  <datafield tag="MBD" ind1=" " ind2=" ">
    <subfield code="M">49HBZ_NETWORK</subfield>
    <subfield code="i">99374228363406441</subfield>
    <subfield code="n">HBZ Network</subfield>
  </datafield>
  <datafield tag="MBD" ind1=" " ind2=" ">
    <subfield code="M">49HBZ_ULM</subfield>
    <subfield code="i">991045080161006449</subfield>
    <subfield code="n">Universität Münster</subfield>
  </datafield>
  <datafield tag="MNG" ind1=" " ind2=" ">
    <subfield code="c">rt_aad######49HBZ_ULM</subfield>
    <subfield code="f">K10PLUS NZ</subfield>
    <subfield code="i">marc21</subfield>
    <subfield code="l">64</subfield>
    <subfield code="k">01</subfield>
    <subfield code="e">false</subfield>
    <subfield code="d">2025-07-31 09:28:02 Europe/Berlin</subfield>
    <subfield code="g">99374228363406441</subfield>
    <subfield code="j">60</subfield>
    <subfield code="a">moersc######49HBZ_ULM</subfield>
    <subfield code="b">2024-07-16 12:53:52 Europe/Berlin</subfield>
  </datafield>
  <datafield tag="H52" ind1="8" ind2=" ">
    <subfield code="b">FBH</subfield>
    <subfield code="c">FBH_HSMAG</subfield>
    <subfield code="h">Be 23,30 -NlAmmann-</subfield>
    <subfield code="8">22685720750006449</subfield>
  </datafield>
  <datafield tag="HOL" ind1=" " ind2=" ">
    <subfield code="d">2024-07-16 10:56:00</subfield>
    <subfield code="8">22685720750006449</subfield>
    <subfield code="b">2024-07-16 10:56:00</subfield>
    <subfield code="M">49HBZ_ULM</subfield>
    <subfield code="g">false</subfield>
    <subfield code="a">moersc</subfield>
    <subfield code="c">moersc</subfield>
  </datafield>
  <datafield tag="ITM" ind1=" " ind2=" ">
    <subfield code="H">22685720750006449</subfield>
    <subfield code="x">FBH_HSMAG</subfield>
    <subfield code="f">BOOK</subfield>
    <subfield code="v">FBH_HSMAG</subfield>
    <subfield code="X">moersc</subfield>
    <subfield code="U">2023-10-25 12:56:52 Europe/Berlin</subfield>
    <subfield code="Y">2024-07-16 12:56:00 Europe/Berlin</subfield>
    <subfield code="J">497/75</subfield>
    <subfield code="M">49HBZ_ULM</subfield>
    <subfield code="s">1</subfield>
    <subfield code="d">8</subfield>
    <subfield code="V">Acquisition (PO line POL-49621)</subfield>
    <subfield code="b">ULB0125660</subfield>
    <subfield code="a">23675537980006449</subfield>
    <subfield code="c">Be 23,30 -NlAmmann-</subfield>
    <subfield code="S">POL-49621</subfield>
    <subfield code="W">2023-10-25 10:17:20 Europe/Berlin</subfield>
    <subfield code="u">FBH</subfield>
    <subfield code="w">FBH</subfield>
  </datafield>
  <datafield tag="GPN" ind1="1" ind2=" ">
    <subfield code="a">Strieder, F. W.</subfield>
    <subfield code="d">1739-1815</subfield>
    <subfield code="A">GND</subfield>
    <subfield code="B">GND-117318701</subfield>
    <subfield code="C">400</subfield>
  </datafield>
  <datafield tag="GPN" ind1="1" ind2=" ">
    <subfield code="a">Strieder, Friedrich W.</subfield>
    <subfield code="d">1739-1815</subfield>
    <subfield code="A">GND</subfield>
    <subfield code="B">GND-117318701</subfield>
    <subfield code="C">400</subfield>
  </datafield>
  <datafield tag="GSI" ind1="7" ind2=" ">
    <subfield code="a">117318701</subfield>
    <subfield code="0">http://d-nb.info/gnd/117318701</subfield>
    <subfield code="2">gnd</subfield>
    <subfield code="A">GND</subfield>
    <subfield code="B">GND-117318701</subfield>
    <subfield code="C">024</subfield>
  </datafield>
  <datafield tag="GSI" ind1="7" ind2=" ">
    <subfield code="a">no90011527</subfield>
    <subfield code="2">lccn</subfield>
    <subfield code="A">GND</subfield>
    <subfield code="B">GND-117318701</subfield>
    <subfield code="C">024</subfield>
  </datafield>
  <datafield tag="GSI" ind1="7" ind2=" ">
    <subfield code="a">8162438</subfield>
    <subfield code="2">viaf</subfield>
    <subfield code="A">GND</subfield>
    <subfield code="B">GND-117318701</subfield>
    <subfield code="C">024</subfield>
  </datafield>
  <datafield tag="GSI" ind1="7" ind2=" ">
    <subfield code="a">http://d-nb.info/gnd/4011882-4</subfield>
    <subfield code="2">uri</subfield>
    <subfield code="A">GND</subfield>
    <subfield code="B">GND-040118827</subfield>
    <subfield code="C">024</subfield>
  </datafield>
  <datafield tag="GGN" ind1=" " ind2=" ">
    <subfield code="a">Deutsche Länder</subfield>
    <subfield code="9">v:als Sammelbezeichnung für die RVK</subfield>
    <subfield code="A">GND</subfield>
    <subfield code="B">GND-040118827</subfield>
    <subfield code="C">451</subfield>
  </datafield>
  <datafield tag="GGN" ind1=" " ind2=" ">
    <subfield code="a">Germany</subfield>
    <subfield code="g">Deutschland</subfield>
    <subfield code="A">GND</subfield>
    <subfield code="B">GND-040118827</subfield>
    <subfield code="C">451</subfield>
  </datafield>
  <datafield tag="GGN" ind1=" " ind2=" ">
    <subfield code="a">Heiliges Römisches Reich</subfield>
    <subfield code="4">naaf</subfield>
    <subfield code="4">http://d-nb.info/standards/elementset/gnd#variantName</subfield>
    <subfield code="w">r</subfield>
    <subfield code="i">Alte Ansetzungsform</subfield>
    <subfield code="A">GND</subfield>
    <subfield code="B">GND-040118827</subfield>
    <subfield code="C">451</subfield>
  </datafield>
  <datafield tag="GGN" ind1=" " ind2=" ">
    <subfield code="a">Rheinbund</subfield>
    <subfield code="4">naaf</subfield>
    <subfield code="4">http://d-nb.info/standards/elementset/gnd#variantName</subfield>
    <subfield code="w">r</subfield>
    <subfield code="i">Alte Ansetzungsform</subfield>
    <subfield code="A">GND</subfield>
    <subfield code="B">GND-040118827</subfield>
    <subfield code="C">451</subfield>
  </datafield>
  <datafield tag="GGN" ind1=" " ind2=" ">
    <subfield code="a">Deutscher Bund</subfield>
    <subfield code="4">naaf</subfield>
    <subfield code="4">http://d-nb.info/standards/elementset/gnd#variantName</subfield>
    <subfield code="w">r</subfield>
    <subfield code="i">Alte Ansetzungsform</subfield>
    <subfield code="A">GND</subfield>
    <subfield code="B">GND-040118827</subfield>
    <subfield code="C">451</subfield>
  </datafield>
  <datafield tag="GGN" ind1=" " ind2=" ">
    <subfield code="a">Norddeutscher Bund</subfield>
    <subfield code="4">naaf</subfield>
    <subfield code="4">http://d-nb.info/standards/elementset/gnd#variantName</subfield>
    <subfield code="w">r</subfield>
    <subfield code="i">Alte Ansetzungsform</subfield>
    <subfield code="A">GND</subfield>
    <subfield code="B">GND-040118827</subfield>
    <subfield code="C">451</subfield>
  </datafield>
  <datafield tag="GGN" ind1=" " ind2=" ">
    <subfield code="a">Deutsches Reich</subfield>
    <subfield code="4">naaf</subfield>
    <subfield code="4">http://d-nb.info/standards/elementset/gnd#variantName</subfield>
    <subfield code="w">r</subfield>
    <subfield code="i">Alte Ansetzungsform</subfield>
    <subfield code="A">GND</subfield>
    <subfield code="B">GND-040118827</subfield>
    <subfield code="C">451</subfield>
  </datafield>
  <datafield tag="GGN" ind1=" " ind2=" ">
    <subfield code="a">Deutschland</subfield>
    <subfield code="g">Gebiet unter Alliierter Besatzung</subfield>
    <subfield code="4">naaf</subfield>
    <subfield code="4">http://d-nb.info/standards/elementset/gnd#variantName</subfield>
    <subfield code="w">r</subfield>
    <subfield code="i">Alte Ansetzungsform</subfield>
    <subfield code="A">GND</subfield>
    <subfield code="B">GND-040118827</subfield>
    <subfield code="C">451</subfield>
  </datafield>
  <datafield tag="GGN" ind1=" " ind2=" ">
    <subfield code="a">Deutschland</subfield>
    <subfield code="g">Bundesrepublik, 1990-</subfield>
    <subfield code="A">GND</subfield>
    <subfield code="B">GND-040118827</subfield>
    <subfield code="C">451</subfield>
  </datafield>
  <datafield tag="GGN" ind1=" " ind2=" ">
    <subfield code="a">BRD</subfield>
    <subfield code="g">1990-</subfield>
    <subfield code="A">GND</subfield>
    <subfield code="B">GND-040118827</subfield>
    <subfield code="C">451</subfield>
  </datafield>
  <datafield tag="GGN" ind1=" " ind2=" ">
    <subfield code="a">Federal Republic of Germany</subfield>
    <subfield code="g">Deutschland</subfield>
    <subfield code="A">GND</subfield>
    <subfield code="B">GND-040118827</subfield>
    <subfield code="C">451</subfield>
  </datafield>
  <datafield tag="GGN" ind1=" " ind2=" ">
    <subfield code="a">Republic of Germany</subfield>
    <subfield code="g">Deutschland</subfield>
    <subfield code="A">GND</subfield>
    <subfield code="B">GND-040118827</subfield>
    <subfield code="C">451</subfield>
  </datafield>
  <datafield tag="GGN" ind1=" " ind2=" ">
    <subfield code="a">Allemagne</subfield>
    <subfield code="g">Deutschland</subfield>
    <subfield code="A">GND</subfield>
    <subfield code="B">GND-040118827</subfield>
    <subfield code="C">451</subfield>
  </datafield>
  <datafield tag="GGN" ind1=" " ind2=" ">
    <subfield code="a">Ǧumhūrīyat Almāniyā al-Ittiḥādīya</subfield>
    <subfield code="A">GND</subfield>
    <subfield code="B">GND-040118827</subfield>
    <subfield code="C">451</subfield>
  </datafield>
  <datafield tag="GGN" ind1=" " ind2=" ">
    <subfield code="a">Bundesrepublik Deutschland</subfield>
    <subfield code="g">1990-</subfield>
    <subfield code="A">GND</subfield>
    <subfield code="B">GND-040118827</subfield>
    <subfield code="C">451</subfield>
  </datafield>
  <datafield tag="GGN" ind1=" " ind2=" ">
    <subfield code="a">BRD</subfield>
    <subfield code="4">abku</subfield>
    <subfield code="4">http://d-nb.info/standards/elementset/gnd#abbreviatedNameForThePlaceOrGeographicName</subfield>
    <subfield code="w">r</subfield>
    <subfield code="i">Abkuerzung</subfield>
    <subfield code="A">GND</subfield>
    <subfield code="B">GND-040118827</subfield>
    <subfield code="C">451</subfield>
  </datafield>
  <datafield tag="GGN" ind1=" " ind2=" ">
    <subfield code="a">Niemcy</subfield>
    <subfield code="A">GND</subfield>
    <subfield code="B">GND-040118827</subfield>
    <subfield code="C">451</subfield>
  </datafield>
  <datafield tag="GGN" ind1=" " ind2=" ">
    <subfield code="a">République Fédérale d'Allemagne</subfield>
    <subfield code="g">Deutschland</subfield>
    <subfield code="A">GND</subfield>
    <subfield code="B">GND-040118827</subfield>
    <subfield code="C">451</subfield>
  </datafield>
  <datafield tag="GGN" ind1=" " ind2=" ">
    <subfield code="a">Repubblica Federale di Germania</subfield>
    <subfield code="g">Deutschland</subfield>
    <subfield code="A">GND</subfield>
    <subfield code="B">GND-040118827</subfield>
    <subfield code="C">451</subfield>
  </datafield>
  <datafield tag="GGN" ind1=" " ind2=" ">
    <subfield code="a">Germanija</subfield>
    <subfield code="A">GND</subfield>
    <subfield code="B">GND-040118827</subfield>
    <subfield code="C">451</subfield>
  </datafield>
  <datafield tag="GGN" ind1=" " ind2=" ">
    <subfield code="a">Federativnaja Respublika Germanija</subfield>
    <subfield code="A">GND</subfield>
    <subfield code="B">GND-040118827</subfield>
    <subfield code="C">451</subfield>
  </datafield>
  <datafield tag="GGN" ind1=" " ind2=" ">
    <subfield code="a">FRG</subfield>
    <subfield code="4">abku</subfield>
    <subfield code="4">http://d-nb.info/standards/elementset/gnd#abbreviatedNameForThePlaceOrGeographicName</subfield>
    <subfield code="w">r</subfield>
    <subfield code="i">Abkuerzung</subfield>
    <subfield code="A">GND</subfield>
    <subfield code="B">GND-040118827</subfield>
    <subfield code="C">451</subfield>
  </datafield>
  <datafield tag="GGN" ind1=" " ind2=" ">
    <subfield code="a">Deyizhi-Lianbang-Gongheguo</subfield>
    <subfield code="A">GND</subfield>
    <subfield code="B">GND-040118827</subfield>
    <subfield code="C">451</subfield>
  </datafield>
  <datafield tag="GSI" ind1="7" ind2=" ">
    <subfield code="a">4024729-6</subfield>
    <subfield code="0">http://d-nb.info/gnd/4024729-6</subfield>
    <subfield code="2">gnd</subfield>
    <subfield code="A">GND</subfield>
    <subfield code="B">GND-040247295</subfield>
    <subfield code="C">024</subfield>
  </datafield>
  <datafield tag="GSI" ind1="7" ind2=" ">
    <subfield code="a">Q1199</subfield>
    <subfield code="2">wikidata</subfield>
    <subfield code="A">GND</subfield>
    <subfield code="B">GND-040247295</subfield>
    <subfield code="C">024</subfield>
  </datafield>
  <datafield tag="GSI" ind1="7" ind2=" ">
    <subfield code="a">2905330</subfield>
    <subfield code="2">geonames</subfield>
    <subfield code="A">GND</subfield>
    <subfield code="B">GND-040247295</subfield>
    <subfield code="C">024</subfield>
  </datafield>
  <datafield tag="GSI" ind1="7" ind2=" ">
    <subfield code="a">relation/62650</subfield>
    <subfield code="2">opensm</subfield>
    <subfield code="A">GND</subfield>
    <subfield code="B">GND-040247295</subfield>
    <subfield code="C">024</subfield>
  </datafield>
  <datafield tag="GGN" ind1=" " ind2=" ">
    <subfield code="a">Großhessen</subfield>
    <subfield code="A">GND</subfield>
    <subfield code="B">GND-040247295</subfield>
    <subfield code="C">451</subfield>
  </datafield>
  <datafield tag="GGN" ind1=" " ind2=" ">
    <subfield code="a">Groß-Hessen</subfield>
    <subfield code="A">GND</subfield>
    <subfield code="B">GND-040247295</subfield>
    <subfield code="C">451</subfield>
  </datafield>
  <datafield tag="GGN" ind1=" " ind2=" ">
    <subfield code="a">Land Greater Hesse</subfield>
    <subfield code="A">GND</subfield>
    <subfield code="B">GND-040247295</subfield>
    <subfield code="C">451</subfield>
  </datafield>
  <datafield tag="GGN" ind1=" " ind2=" ">
    <subfield code="a">Land Hessen</subfield>
    <subfield code="A">GND</subfield>
    <subfield code="B">GND-040247295</subfield>
    <subfield code="C">451</subfield>
  </datafield>
  <datafield tag="GGN" ind1=" " ind2=" ">
    <subfield code="a">Staat Hessen</subfield>
    <subfield code="A">GND</subfield>
    <subfield code="B">GND-040247295</subfield>
    <subfield code="C">451</subfield>
  </datafield>
  <datafield tag="GGN" ind1=" " ind2=" ">
    <subfield code="a">Hesse</subfield>
    <subfield code="A">GND</subfield>
    <subfield code="B">GND-040247295</subfield>
    <subfield code="C">451</subfield>
  </datafield>
  <datafield tag="GGN" ind1=" " ind2=" ">
    <subfield code="a">Assia</subfield>
    <subfield code="A">GND</subfield>
    <subfield code="B">GND-040247295</subfield>
    <subfield code="C">451</subfield>
  </datafield>
  <datafield tag="GGN" ind1=" " ind2=" ">
    <subfield code="a">Freistaat Hessen</subfield>
    <subfield code="A">GND</subfield>
    <subfield code="B">GND-040247295</subfield>
    <subfield code="C">451</subfield>
  </datafield>
  <datafield tag="GGN" ind1=" " ind2=" ">
    <subfield code="a">Volksstaat Hessen</subfield>
    <subfield code="A">GND</subfield>
    <subfield code="B">GND-040247295</subfield>
    <subfield code="C">451</subfield>
  </datafield>
  <datafield tag="GGN" ind1=" " ind2=" ">
    <subfield code="a">Republik Hessen</subfield>
    <subfield code="A">GND</subfield>
    <subfield code="B">GND-040247295</subfield>
    <subfield code="C">451</subfield>
  </datafield>
  <datafield tag="GGN" ind1=" " ind2=" ">
    <subfield code="a">Gessen</subfield>
    <subfield code="A">GND</subfield>
    <subfield code="B">GND-040247295</subfield>
    <subfield code="C">451</subfield>
  </datafield>
  <datafield tag="GGN" ind1=" " ind2=" ">
    <subfield code="a">Greater Hesse</subfield>
    <subfield code="A">GND</subfield>
    <subfield code="B">GND-040247295</subfield>
    <subfield code="C">451</subfield>
  </datafield>
  <datafield tag="GGN" ind1=" " ind2=" ">
    <subfield code="a">Gross-Hessen</subfield>
    <subfield code="A">GND</subfield>
    <subfield code="B">GND-040247295</subfield>
    <subfield code="C">451</subfield>
  </datafield>
  <datafield tag="GGN" ind1=" " ind2=" ">
    <subfield code="a">Hessen</subfield>
    <subfield code="g">Volksstaat</subfield>
    <subfield code="A">GND</subfield>
    <subfield code="B">GND-040247295</subfield>
    <subfield code="C">451</subfield>
  </datafield>
  <datafield tag="GSI" ind1="7" ind2=" ">
    <subfield code="a">4072472-4</subfield>
    <subfield code="0">http://d-nb.info/gnd/4072472-4</subfield>
    <subfield code="2">gnd</subfield>
    <subfield code="A">GND</subfield>
    <subfield code="B">GND-040724727</subfield>
    <subfield code="C">024</subfield>
  </datafield>
  <datafield tag="GGN" ind1=" " ind2=" ">
    <subfield code="a">Kurfürstentum Hessen</subfield>
    <subfield code="A">GND</subfield>
    <subfield code="B">GND-040724727</subfield>
    <subfield code="C">451</subfield>
  </datafield>
  <datafield tag="GGN" ind1=" " ind2=" ">
    <subfield code="a">Landgrafschaft Hessen-Kassel</subfield>
    <subfield code="A">GND</subfield>
    <subfield code="B">GND-040724727</subfield>
    <subfield code="C">451</subfield>
  </datafield>
  <datafield tag="GGN" ind1=" " ind2=" ">
    <subfield code="a">Hessen-Cassel</subfield>
    <subfield code="A">GND</subfield>
    <subfield code="B">GND-040724727</subfield>
    <subfield code="C">451</subfield>
  </datafield>
  <datafield tag="GGN" ind1=" " ind2=" ">
    <subfield code="a">Staat Kurhessen</subfield>
    <subfield code="A">GND</subfield>
    <subfield code="B">GND-040724727</subfield>
    <subfield code="C">451</subfield>
  </datafield>
  <datafield tag="GGN" ind1=" " ind2=" ">
    <subfield code="a">Hasso-Casselanus</subfield>
    <subfield code="g">Principatus</subfield>
    <subfield code="A">GND</subfield>
    <subfield code="B">GND-040724727</subfield>
    <subfield code="C">451</subfield>
  </datafield>
  <datafield tag="GGN" ind1=" " ind2=" ">
    <subfield code="a">Hasso-Casselanus</subfield>
    <subfield code="A">GND</subfield>
    <subfield code="B">GND-040724727</subfield>
    <subfield code="C">451</subfield>
  </datafield>
  <datafield tag="GGN" ind1=" " ind2=" ">
    <subfield code="a">Hessen</subfield>
    <subfield code="g">Kurfürstentum</subfield>
    <subfield code="A">GND</subfield>
    <subfield code="B">GND-040724727</subfield>
    <subfield code="C">451</subfield>
  </datafield>
  <datafield tag="GGN" ind1=" " ind2=" ">
    <subfield code="a">Kurhessen</subfield>
    <subfield code="g">Staat</subfield>
    <subfield code="A">GND</subfield>
    <subfield code="B">GND-040724727</subfield>
    <subfield code="C">451</subfield>
  </datafield>
  <datafield tag="GST" ind1=" " ind2=" ">
    <subfield code="a">Heerwesen</subfield>
    <subfield code="A">GND</subfield>
    <subfield code="B">GND-040393054</subfield>
    <subfield code="C">450</subfield>
  </datafield>
  <datafield tag="GST" ind1=" " ind2=" ">
    <subfield code="a">Kriegswesen</subfield>
    <subfield code="A">GND</subfield>
    <subfield code="B">GND-040393054</subfield>
    <subfield code="C">450</subfield>
  </datafield>
  <datafield tag="GST" ind1=" " ind2=" ">
    <subfield code="a">Streitkräfte</subfield>
    <subfield code="A">GND</subfield>
    <subfield code="B">GND-040393054</subfield>
    <subfield code="C">450</subfield>
  </datafield>
  <datafield tag="GST" ind1=" " ind2=" ">
    <subfield code="a">Wehrwesen</subfield>
    <subfield code="A">GND</subfield>
    <subfield code="B">GND-040393054</subfield>
    <subfield code="C">450</subfield>
  </datafield>
  <datafield tag="GST" ind1=" " ind2=" ">
    <subfield code="a">Militärwesen</subfield>
    <subfield code="A">GND</subfield>
    <subfield code="B">GND-040393054</subfield>
    <subfield code="C">450</subfield>
  </datafield>
  <datafield tag="GST" ind1=" " ind2=" ">
    <subfield code="a">Armee</subfield>
    <subfield code="g">Militär</subfield>
    <subfield code="A">GND</subfield>
    <subfield code="B">GND-040393054</subfield>
    <subfield code="C">450</subfield>
  </datafield>
  <datafield tag="GSI" ind1="7" ind2=" ">
    <subfield code="a">4039305-7</subfield>
    <subfield code="0">http://d-nb.info/gnd/4039305-7</subfield>
    <subfield code="2">gnd</subfield>
    <subfield code="A">GND</subfield>
    <subfield code="B">GND-040393054</subfield>
    <subfield code="C">024</subfield>
  </datafield>
</record>
